2548 3304
1146 264 1223 326 28

1147 407 1415 461 moliatur.
1495 400 1760 456 Laudavit
1789 398 2052 454 Sauffaeius
2081 400 2281 473 regium

1147 506 1404 580 diploma,
1452 501 1598 575 quod
1644 500 1779 554 sein
1818 500 1978 573 capsls
2016 499 2117 552 rite
2160 518 2284 554 con-

1145 604 1398 676 scriptum
1453 599 1650 653 habere
1695 600 1846 654 dixit.
1930 600 2017 653 Ad
2072 619 2155 653 eas
2201 602 2287 655 ubi

1146 714 1364 755 ventum
1391 699 1481 765 est,
1510 699 1643 752 vidit
1668 699 1920 772 integraS,
1941 701 1992 753 &
2016 698 2286 766 obsera.ta8‚

1144 802 1344 874 suisque
1398 800 1584 853 omnia
1627 798 1828 872 digesta
1870 799 2002 853 locis
2055 800 2287 871 agnovit,

1146 902 1387 975 diploma
1418 899 1628 953 nullum
1659 900 1919 972 apparuit.
2000 900 2151 952 Tum
2187 899 2287 952 Ar-

1146 1000 1329 1073 gallus,
1387 999 1535 1052 vultu
1566 1000 1619 1052 &
1669 1017 1800 1051 voce
1842 999 1908 1052 ad
1962 999 2288 1055 severitatem

1145 1100 1468 1174 compofiti5‚
1498 1098 1754 1173 fugitivos
1783 1101 1834 1153 δε
1855 1100 2130 1173 praedones
2163 1119 2288 1155 con-

1147 1201 1360 1264 clamat,
1396 1219 1455 1252 ac
1495 1218 1685 1253 necem
1737 1200 2116 1255 commeruisse
2169 1221 2289 1275 pro-

1147 1300 1381 1363 nunciat,
1412 1298 1674 1370 fimulque
1704 1298 1882 1351 navim
1914 1298 2013 1352 suis
2035 1301 2290 1374 diripien-

1147 1405 1269 1457 dam
1338 1404 1514 1456 tradit.
1621 1404 1787 1456 Illum
1853 1405 2054 1457 interea
2121 1404 2294 1457 Patres
2351 1431 2353 1434 v

1148 1502 1422 1555 obsecrant
1476 1515 1533 1555 ut
1581 1503 1732 1557 victis
1761 1501 1995 1576 benigne
2039 1503 2292 1568 consulat,

1149 1604 1339 1676 quibus
1384 1603 1546 1675 objici
1584 1602 1721 1656 nihil
1754 1622 1903 1657 noxae
1932 1603 2086 1677 poffit
2132 1603 2320 1668 aliud,.
2374 1592 2375 1595 Ἴ

1149 1702 1310 1777 quarn
1368 1705 1515 1777 quod
1570 1705 1624 1756 in
1678 1717 1866 1776 pacato
1920 1703 2030 1756 solo
2099 1703 2296 1758 fuerint
2373 1751 2376 1753 ,

1152 1804 1384 1858 nimium
1442 1804 1641 1857 securi:
1706 1804 2078 1857 auctoritatem
2136 1805 2297 1876 Regis

1152 1904 1339 1956 Galliae
1400 1922 1508 1956 non
1565 1903 1786 1956 dubiam
1839 1922 1899 1956 ac
1966 1904 2297 1957 voluntatem
2374 1890 2400 1942 f

1152 2003 1423 2056 testantur.
1508 2004 1703 2056 Praetor
1737 2002 1901 2076 probe
1929 2003 2024 2056 fibi
2062 2003 2299 2057 conscius
2380 2019 2386 2075 ᾗ,

1151 2122 1271 2155 vera
1287 2103 1501 2168 narrari,
1521 2102 1752 2155 comiter
1765 2121 1851 2155 eos
1868 2103 2089 2168 audivit,
2105 2106 2158 2159 &
2177 2123 2297 2157 om·
2375 2090 2377 2094 V

1153 2202 1306 2254 nibus
1332 2201 1651 2274 potestatem
1680 2201 1737 2253 in
1769 2202 2013 2255 Gallium
2043 2202 2300 2256 redeundi
2375 2196 2378 2205 ἶ

1153 2301 1296 2355 fecit.
1380 2302 1526 2355 Duas
1555 2302 1610 2355 in
1642 2302 1906 2355 naviculas
1935 2301 2127 2356 infelix
2151 2304 2301 2356 turba
2379 2283 2383 2338 {
