2524 3272
1116 217 1192 278 16

1111 359 1316 414 honore
1343 359 1442 414 isto
1469 358 1853 432 qualicumque
1885 356 2109 430 indigna
2136 355 2251 410 bar·
2333 362 2338 412 I.

1111 461 1223 514 bari
1268 461 1430 515 virtus
1458 473 1583 525 erat,
1631 459 1724 533 qui
1763 459 1927 513 etiam
1974 458 2253 531 antequam

1113 561 1387 615 Christum
1419 559 1597 626 nosset,
1646 579 1754 614 non
1784 573 2028 635 potuerat
2070 559 2258 614 adduci

1115 676 1169 716 ut
1211 661 1383 735 plures
1414 679 1515 714 una
1559 661 1778 714 duceret
1807 678 2025 715 uxores:
2069 660 2126 713 id
2164 678 2253 713 na·
2340 732 2342 734 V

1114 776 1242 816 turae
1285 779 1344 815 ac
1390 761 1586 815 rationi
1632 761 1804 834 magis
1846 761 2258 816 consentaneum

1115 861 1407 914 arbitratus·
1478 860 1600 913 Post
1615 859 1903 933 susceptam
1918 879 2045 914 vero
2061 857 2258 914 Christi

1117 960 1308 1013 Fidem
1355 961 1427 1013 ita
1457 960 1679 1025 vixerat,
1725 973 1783 1013 ut
1811 960 2046 1014 barbaris
2088 960 2258 1014 admi-

1116 1059 1307 1112 rationi
1331 1057 1471 1123 effet,
1498 1057 1818 1112 Christianis
1840 1059 2112 1134 exemplo,

1191 1160 1324 1213 Haec
1370 1159 1522 1213 domi
1577 1158 1736 1232 gesta.
1820 1160 2022 1234 Egreffi
2068 1160 2260 1215 deinde

1116 1261 1257 1335 quafi
1318 1261 1565 1334 pomerio
1619 1279 1888 1334 praecones
1923 1261 2261 1347 ⁴‚Evangelici

1119 1381 1371 1436 magnam
1422 1362 1656 1435 regionis
1698 1375 1907 1436 partem
1962 1362 2259 1419 lustravere.

1121 1463 1316 1515 Divina
1362 1480 1459 1527 reS,
1505 1462 1836 1535 ubicumque
1883 1464 2054 1529 licuit,
2097 1462 2259 1518 facta:

1118 1562 1371 1636 impofitae
1452 1581 1638 1616 manus
1697 1564 1923 1636 aegrotis,
1989 1563 2263 1618 conciliati

1120 1661 1441 1715 munusculis
1494 1675 1734 1735 parentes
1787 1681 1848 1715 ac
1902 1663 2085 1727 liberi3
2149 1663 2265 1716 data

1079 1780 1081 1783 ’
1120 1762 1304 1827 Gallis,
1328 1781 1486 1816 novas
1514 1762 1868 1816 condentibus
1888 1763 2047 1829 sedes,
2077 1781 2263 1837 opera3

1120 1884 1330 1919 necnon
1397 1866 1662 1919 claffiariis
1728 1880 1889 1940 atque
1949 1865 2264 1921 vectoribus,

1121 1964 1251 2018 Non
1308 1964 1478 2018 defuit
1530 1966 1798 2039 patientiae
1852 1965 1966 2019 laeta
1994 1965 2154 2038 seges,
2208 1984 2267 2018 ac

1122 2079 1264 2119 tanta
1300 2067 1570 2120 interdum
1614 2065 1815 2120 exstitit
1843 2084 2066 2119 annonae
2098 2084 2267 2139 penu-

1123 2165 1214 2230 ria,
1274 2177 1332 2218 ut
1377 2165 1590 2238 fingulis
1645 2164 2000 2220 hebdomadis
2062 2177 2268 2220 certum

1124 2264 1411 2337 unicuique
1465 2264 1780 2319 demensum
1837 2265 2067 2330 daretur,
2125 2264 2272 2338 quod
