2508 3304
0 406 257 529 &fluorum
325 446 344 472 ,.,
419 419 535 467 serat
582 417 812 483 denique,
864 427 921 464 ut
963 414 1154 463 attritas
1194 424 1269 461 tot
1318 410 1567 459 laboribus

0 498 38 529 re
62 481 164 549 iqui
201 487 257 535 ad
324 543 326 546 Α

0 584 52 622 tt.
133 574 256 642 Ejus
320 616 332 637 r,

1 664 99 714 ime
146 666 256 717 sunt

0 773 253 824 1na,quam
318 782 338 834 ⁵„
418 804 511 854 pus
552 785 798 852 impendit
836 784 1104 834 excolendo
1131 781 1227 849 piis
1266 790 1568 830 commenta-

0 847 151 897 isteria
166 850 252 898 diu

0 944 91 990 stus
113 942 251 992 Mar·
418 968 627 1035 primam
669 966 884 1015 tirocinii
919 966 1129 1015 formam
1156 964 1294 1013 senex
1335 963 1569 1012 emeritus

0 1034 152 1101 :opias
201 1037 250 1085 in

8 1142 54 1173 m
80 1127 249 1176 Mans-
319 1126 330 1160 ’-

0 1235 82 1278 zm,
115 1219 249 1268 Biar-
321 1234 329 1290 ss

0 1310 243 1372 editionis,

0 1419 17 1449 1
41 1404 247 1452 occafio-

0 1512 6 1540 ι
27 1493 84 1542 fit
108 1496 244 1560 apos-

5 1714 16 1726 .
73 1678 242 1729 Diaria

4 1768 132 1835 igne,
179 1783 237 1820 ut
407 1790 558 1858 jicere
583 1806 696 1856 quae
719 1791 779 1839 ab
805 1794 998 1840 auctore
1022 1791 1305 1857 antiquiore
1328 1791 1566 1859 Philippo

329 1440 341 1465 Ι

322 1488 342 1560 ³
417 1514 641 1562 cembris.
659 1514 688 1531 ”

54 1586 243 1654 Magna
373 1602 380 1623 2

0 1878 9 1908 ὲ
36 1861 236 1923 cibario,

8 1967 239 2020 praeterea
318 2001 326 2023 2

0 2046 89 2094 ido
130 2065 236 2096 cor·
324 2078 328 2103 ;

0 2154 29 2185 n
57 2139 235 2202 partie-
318 2151 322 2161 ³

0 2228 133 2290 Vistu,
177 2243 235 2280 Ut
324 2239 349 2296 fs*

0 2340 20 2370 Π
43 2324 233 2373 conces·
316 2351 320 2354 ’
413 2342 521 2403 zeli,
541 2354 687 2410 atque
707 2346 829 2395 adeo
847 2347 1118 2397 multarum
1133 2348 1427 2415 palmarum,
1447 2368 1568 2417 quas

416 511 542 561 vires
560 523 829 576 paucorum
849 507 1040 556 dierum
1062 506 1171 555 otio
1191 504 1418 554 reficeret.
1470 501 1568 550 Ve-

419 621 526 652 rum
567 601 696 669 quafi
723 601 971 660 divinans,
1017 599 1188 648 instare
1213 596 1298 646 fibi
1338 595 1566 645 omnium

418 695 641 744 laborum
675 696 725 743 &
750 693 864 741 vitae
887 693 1052 751 finem,
1082 701 1248 740 totum
1275 689 1400 737 illud
1443 699 1568 736 tem-

419 876 642 926 tionibus
690 875 856 924 animo
901 875 1029 923 inter
1070 874 1273 933 tirones,
1319 873 1461 939 seque
1508 871 1568 919 ad

418 1060 485 1108 ita
509 1058 802 1124 composuit,
831 1069 887 1107 ut
913 1058 1098 1106 nullam
1125 1056 1378 1104 omitteret
1402 1069 1567 1103 earum

419 1149 843 1209 exercitationum,
889 1148 1071 1216 quibus
1096 1148 1157 1197 ad
1184 1145 1253 1196 sui
1294 1145 1569 1211 mundique

417 1251 763 1306 contemptum
790 1240 973 1290 erudiri
999 1240 1155 1289 solent
1193 1238 1390 1288 novitii.
1463 1237 1568 1286 His

418 1331 687 1392 intentum,
735 1330 959 1398 nihilque
998 1333 1103 1399 jam
1153 1341 1327 1396 praeter
1368 1328 1567 1379 caelestia

416 1424 713 1490 cogitantem
750 1440 882 1473 mors
922 1424 1171 1490 oppressit,
1199 1440 1279 1472 xv.
1316 1422 1419 1471 Cal.
1466 1421 1570 1469 De-

483 1698 673 1747 Adhaee
699 1716 799 1747 non
827 1699 1005 1748 inutile
1029 1698 1188 1748 forsan
1209 1699 1462 1749 videbitur
1482 1700 1565 1749 ad·

413 1881 589 1930 scilicet
615 1882 882 1949 Alegambe
908 1883 1079 1951 scripta
1104 1884 1216 1933 sunt
1241 1885 1290 1933 in
1328 1886 1567 1952 Catalogo

416 1973 720 2038 Scriptorum
771 1974 1025 2024 Societatis
1075 1974 1208 2038 Jesu,
1244 2003 1246 2005 ·
1271 1974 1357 2025 sub
1416 1977 1567 2026 verbo

419 2063 597 2112 Biard:

485 2156 745 2207 “PETRus
811 2159 1041 2208 BIARDus
1107 2160 1310 2209 natione
1374 2161 1565 2222 Gallus,

414 2248 568 2314 patria
589 2249 1105 2317 Gratianopolitanus,
1130 2254 1383 2320 operarius
1403 2255 1567 2322 magni
