2524 3272
1174 251 1256 293 20

1171 375 1429 433 Quebeco
1457 391 1564 426 non
1594 372 1802 445 procul,
1831 372 1885 425 in
1915 350 2118 428 XLVI.
2149 376 2303 446 gradu
2338 352 2340 355 Ι

1171 474 1481 538 latitudini8‚
1512 473 1734 526 nomine
1764 473 1812 525 S.
1844 473 1888 525 F
1893 472 2113 525 rancisci
2142 474 2304 533 Salefii
2352 459 2354 462 Ι

1170 578 1222 629 &
1249 573 1547 647 patrocinio
1575 572 1855 645 infignita:
1900 572 2013 626 aliae
2042 573 2157 626 duae
2198 574 2305 631 sunt
2352 625 2362 643 „
2402 578 2405 582 '

1169 675 1511 738 remotiores;
1564 673 1684 726 loco
1735 691 1937 727 nomen
1986 672 2060 726 est
2109 672 2303 746 Nipifi-
2356 696 2357 699 ¹

1170 777 1338 830 kouit.
1420 777 1592 829 Trans
1624 793 1843 828 amnem
1890 774 2304 832 Laurentianum
2355 788 2358 790 ’

1167 878 1232 930 ad
1276 877 1570 930 Meridiem
1600 875 1899 929 funduntur
1945 876 2304 948 Iroquaeorum

1165 977 1400 1049 quinque
1439 976 1695 1029 nationes,
1779 977 1995 1048 Septem
2023 974 2143 1029 sunt
2175 977 2306 1048 apud
2364 975 2367 977 Α

1165 1077 1282 1129 illos
1328 1095 1635 1149 praeconum
1685 1075 1970 1148 Evangelii
2017 1075 2304 1140 domicilia,

1165 1195 1258 1250 per
1280 1190 1498 1229 centum
1522 1177 1915 1250 quinquaginta
1938 1176 2112 1229 leucas
2134 1175 2303 1248 sparsa.
2362 1168 2369 1223 Ιῑ

1167 1278 1250 1330 Ex
1303 1277 1364 1329 iis
1416 1277 1502 1330 sex
1564 1277 1844 1353 profligata
1897 1276 2108 1331 fuerant
2171 1277 2306 1331 bello
2359 1252 2363 1285 ’ἶ

1167 1378 1350 1430 Gallos
1370 1378 1510 1430 inter
1540 1381 1592 1432 δε
1617 1379 1882 1451 Iroquaeos
1910 1377 2146 1431 conflato
2173 1379 2307 1431 circa

1164 1497 1362 1531 annum
1382 1479 1854 1533 MDCLXXXII.
1900 1480 2170 1534 Revocata
2186 1499 2306 1534 cum
2362 1484 2388 1545 ’1χῇ

1166 1578 1424 1651 religione
1466 1598 1571 1653 pax
1600 1599 1741 1634 anno
1773 1580 2085 1635 MDCCII.
2129 1582 2308 1635 omnia

1164 1681 1397 1753 priorem
1454 1682 1508 1733 in
1565 1680 1757 1734 statum
1808 1680 2051 1734 restituit.
2135 1680 2199 1733 In
2251 1681 2308 1733 iis

1165 1782 1531 1853 Iroquaeorum
1579 1782 1920 1834 Miffionibus
1950 1800 2008 1834 ea
2050 1778 2308 1855 praecipue
2365 1795 2397 1821 -’-

1110 1913 1112 1916 >
1163 1880 1331 1945 floret,
1384 1900 1499 1954 quae
1553 1879 1582 1934 ὲ
1634 1882 1679 1935 S.
1739 1881 1783 1933 F
1788 1879 2021 1935 rancisco
2080 1879 2307 1933 Xaverio

1163 1997 1362 2031 nomen
1407 1978 1585 2044 habet,
1619 1981 1684 2033 ad
1735 1980 2306 2052 Montem-Regalem.
2370 1989 2381 2011 ·’

1240 2078 1401 2151 Supra
1440 2078 1720 2152 Iroquaeos,
1770 2080 1939 2133 versus
1968 2079 2213 2135 occasum
2258 2082 2307 2134 δε
2374 2137 2376 2140 ,

1164 2179 1513 2250 Aquilonem,
1544 2182 1679 2234 intra
1701 2182 2166 2254 quadragefimum
2189 2201 2307 2255 gra-
2371 2184 2375 2187 ’

1164 2280 1292 2332 dum
1314 2282 1365 2334 δι
1394 2281 1565 2336 XLV.
1596 2301 1813 2336 cernere
1835 2282 1909 2336 est
1931 2284 2156 2355 majores
2183 2285 2310 2338 duos
