2540 3288
1173 265 1248 308 22

1173 389 1436 445 Francisci
1458 387 1673 440 Xaverii
1696 406 1896 441 nomen
1917 388 2163 444 obtinet:
2208 404 2304 446 ter·
2359 429 2416 452 ·.

1173 493 1242 544 tia
1272 492 1407 543 inter
1451 488 1837 563 OumiamisOS,v
1876 489 2079 561 Angeli
2122 491 2306 546 Custo-
2367 520 2370 523 1

1171 592 1261 644 dis.
1368 588 1513 642 Infra
1567 572 1896 643 memoratos
1951 589 2112 656 lacuS,
2166 591 2308 665 supra

1169 690 1330 763 ipsam
1365 689 1640 742 Floridam
1690 688 2001 742 vastiffimos
2045 705 2308 762 pererrant

1169 810 1384 864 campos
1418 791 1603 844 Ilinaei.
1683 791 1765 842 Ibi
1789 790 2109 863 ampliffima
2148 791 2307 858 statie,
2366 800 2375 836 Γ.

1168 890 1253 942 cui
1308 908 1507 941 nomen
1561 889 1627 941 ab
1676 890 2025 942 immaculata
2079 890 2309 962 Virginis

1170 992 1360 1045 Matris
1415 991 1771 1064 conceptione
1836 990 2167 1063 impofitum,
2217 1003 2310 1045 tres
2373 1039 2375 1061 ξ
2434 1029 2436 1031 -

1167 1093 1220 1144 in
1277 1090 1551 1143 Miffiones
1599 1091 1818 1155 secatur,
1874 1093 1925 1143 &
1974 1091 2040 1143 ad
2092 1089 2308 1144 fluvium
2376 1143 2378 1146 ,

1168 1192 1325 1264 usque
1373 1191 1697 1264 Miffifipum
1751 1191 2037 1264 procurrit.
2120 1191 2310 1244 Infidet

1168 1291 1395 1363 ejusdem
1440 1290 1679 1344 fluminis
1707 1291 1833 1364 ripis
1864 1291 2036 1343 miffio
2081 1291 2309 1363 Baiogu-
2380 1288 2386 1324 1

1168 1393 1300 1456 lana,
1355 1392 1409 1444 in
1440 1392 1713 1465 trigefimo
1748 1392 1928 1464 primo
1970 1392 2139 1464 gradu
2193 1392 2309 1444 lati·

1168 1493 1394 1546 tudinis:
1461 1493 1683 1545 demum
1733 1492 1925 1545 ultima
1978 1492 2311 1565 protenditur

1167 1591 1455 1644 secundum
1526 1591 1757 1644 eundem
1841 1609 2060 1643 amnem
2148 1591 2312 1644 versus

1170 1693 1524 1745 Mexicanum
1565 1692 1755 1745 finum.
1839 1690 1974 1743 Haec
2018 1690 2190 1743 visum
2245 1691 2313 1744 est
2379 1677 2393 1731 ·{
2440 1724 2442 1726 v

1168 1794 1446 1847 enucleare
1468 1794 1626 1867 paulo
1647 1794 1958 1859 distinctiuS,
1979 1796 2032 1848 ὅτ.
2061 1795 2202 1867 quafi
2225 1794 2312 1847 sub
2385 1807 2392 1833 -ῐ

1167 1914 1274 1948 uno
1304 1894 1481 1948 statim
1510 1894 1716 1968 aspeciu
1765 1914 1984 1969 ponere,
2013 1908 2074 1948 ut
2112 1895 2313 1948 intelli-
2386 1925 2389 1931 *

1167 2010 1319 2068 gatur
1366 1996 1473 2069 quo
1503 1996 1705 2069 fingula
1734 1995 2010 2050 referenda
2038 1996 2153 2061 sint,
2202 2015 2315 2069 quae

1167 2096 1344 2170 postea
1372 2099 1438 2150 de
1475 2097 1633 2151 Nova
1684 2097 1910 2150 Francia
1946 2096 2313 2150 narrabuntur.
2390 2105 2403 2159 ζ’,

1243 2198 1424 2250 Restat
1463 2198 1646 2270 ignota
1676 2197 1950 2270 Europaeis
1977 2195 2155 2250 adhuc
2202 2215 2316 2270 pars

1171 2298 1393 2350 Canadae
1451 2296 1728 2362 immensa,
1784 2297 1922 2350 ultra
1990 2296 2314 2370 Miffifipum
2393 2298 2395 2300 ’
