2548 3320
27 429 251 503 navigio,

0 523 48 578 fa
73 527 254 604 scapha
325 581 327 583 ,

0 642 142 682 verat
169 651 251 686 ac-
319 656 328 661 -·

0 727 250 801 lmpulsus,

0 830 251 904 tctansque

0 928 105 980 nvis
147 950 249 987 non

0 1043 34 1076 n
64 1027 272 1097 ullum,‘

0 1144 87 1179 re:
150 1129 248 1184 laeti
336 1137 339 1142 ”

9 1225 248 1299 Agnovit

0 1326 129 1395 ζῙῑΙὸς
190 1350 246 1385 ac

43 1427 245 1485 summa

0 1526 65 1580 Id
123 1549 244 1584 vero

0 1629 245 1700 mpestate

0 1747 91 1781 um
118 1750 242 1804 pro·
322 1715 338 1805 ξ

0 1847 52 1881 us
73 1833 244 1885 movit
321 1814 330 1833 ⁷

0 1929 47 1994 [8,
99 1931 242 2004 quod

0 2071 3 2085 .
70 2048 243 2104 neque

1 2143 96 2196 ret,
138 2152 241 2205 qua
326 2165 335 2203 ἶ

0 2272 8 2284 .
88 2232 238 2287 Affe-

0 2330 65 2385 [lo
93 2345 235 2387 tem-

1482 282 1558 342 33

332 407 337 410 -
427 439 611 517 pestate
663 428 947 491 divulsum,
990 425 1122 479 fides
1164 442 1272 477 non
1330 419 1566 474 habeba-

429 557 520 596 tur.
612 536 674 588 In
722 542 873 585 tanto
921 527 1234 581 discrimine
1278 523 1572 577 sacerdotes

431 642 551 695 duos
623 629 900 686 Societatis
961 626 1117 680 testes
1172 625 1373 689 citavit,
1440 639 1573 694 quos

431 740 638 795 haberet
690 733 747 785 in
790 729 932 794 navi,
990 732 1043 783 &c
1101 745 1336 799 quorum
1389 725 1572 777 incor-

432 854 577 915 rupta
629 836 757 889 fides
805 832 1019 886 nemini
1066 830 1252 883 venire
1297 826 1469 901 posset
1522 826 1576 878 in

433 940 664 995 dubium.
785 934 932 985 Cum
1001 931 1183 983 Patres
1261 925 1577 998 interrogati

434 1059 540 1095 rem
567 1039 637 1090 ita
675 1036 724 1089 se
758 1033 957 1088 habere
986 1028 1404 1094 confirmassent,
1434 1028 1577 1102 peri-

435 1141 549 1195 culo
588 1138 837 1190 liberatus
898 1132 989 1186 est.
1098 1129 1359 1184 Reddidit
1414 1146 1578 1201 quam

437 1236 651 1293 deb-ebat
702 1233 927 1286 illorum
968 1229 1301 1284 humanitati
1368 1229 1579 1292 vicem3

438 1358 595 1416 utque
641 1340 760 1414 ipfis
803 1356 912 1391 non
956 1336 1132 1390 solum
1170 1333 1297 1388 esset
1340 1334 1582 1407 impune,

438 1445 517 1497 sed
563 1443 723 1495 etiam
754 1452 811 1493 ut
837 1437 867 1492 a
914 1437 1231 1511 magistratu
1280 1435 1457 1490 honor
1486 1433 1584 1487 ha-

441 1546 662 1607 beretur,
746 1539 968 1593 curavit.
1064 1538 1285 1591 Certior
1366 1536 1587 1589 interim

442 1644 598 1697 factus
636 1641 800 1713 Regis
839 1637 1281 1693 Christianiffimi
1309 1650 1487 1690 orator
1525 1636 1590 1689 de

445 1744 656 1796 Patrum
723 1740 1071 1814 navigatione
1127 1737 1355 1802 difficili,
1411 1738 1464 1790 ὃς
1535 1735 1590 1788 in

445 1841 693 1914 Angliam
740 1841 994 1905 adventu,
1043 1839 1158 1911 egit
1210 1856 1338 1891 cum
1377 1836 1593 1909 Angliae

450 1944 595 2015 Rege
623 1942 687 1995 de
716 1940 1057 1995 remittendis
1087 1938 1193 1991 illis
1237 1938 1294 1990 in
1315 1935 1591 1989 'Galliam.

452 2044 574 2099 Quo
626 2054 913 2105 annuente,
962 2038 1306 2092 Ambianum
1360 2036 1594 2099 decimO,

448 2139 603 2214 quam
631 2139 842 2193 fuerant
874 2139 1034 2212 capti,
1076 2136 1257 2190 mense
1305 2136 1369 2188 ad
1418 2134 1598 2187 Socios

450 2240 549 2292 laeti
576 2238 890 2313 sospitesque
919 2249 1296 2312 pervenerunt.
