2508 3304
1105 234 1155 294 ii

1106 378 1277 443 pendit
1294 377 1529 445 juvandis
1555 376 1882 444 popularibus
1899 375 2012 437 suis,
2036 394 2248 444 quorum
2313 355 2319 445 γ’

1107 481 1163 517 ut
1201 470 1338 519 saluti
1372 468 1657 529 consuleret,
1689 469 1812 518 nihil
1850 468 1936 518 fibi
1981 469 2156 536 reliqui
2193 473 2249 521 ad

1107 561 1320 610 laborem
1369 561 1776 628 diligentiamque
1812 561 2045 611 faciebat.
2126 562 2249 629 Ejus
2318 601 2325 629 3

1106 667 1263 704 tamen
1313 654 1594 704 industriam
1643 654 1830 720 experti
1883 653 2093 703 maxime
2141 653 2250 703 sunt

1108 745 1476 795 Parodiensesin
1488 744 1774 811 praefectura
1791 745 2088 805 Carolitana,
2103 762 2249 811 quam
2316 730 2327 749 ⁵

1104 837 1349 886 civitatem
1377 855 1461 904 per
1480 837 1653 886 usitata
1674 836 1864 886 ordinis
1886 835 2148 885 ministeria
2163 836 2249 885 diu

1103 930 1266 980 coluit.
1321 931 1593 980 Noviffime
1604 930 1820 998 regionis
1836 930 2089 997 praefectus
2111 930 2250 978 Mar·

1103 1024 1210 1073 chio
1266 1024 1504 1090 Ragnius,
1546 1024 1706 1091 jussus
1754 1042 1780 1073 a
1828 1041 1937 1091 rege
1986 1023 2151 1089 copias
2201 1023 2249 1071 in
2324 1021 2343 1094 ξ’
2420 1043 2429 1053 ·

1105 1114 1416 1181 Campaniam
1429 1115 1780 1164 ducerecontra
1794 1114 2055 1163 Ernestum
2081 1114 2250 1162 Mans-
2320 1139 2324 1160 1

1103 1206 1302 1255 feldium
1323 1207 1492 1256 Galliae
1517 1207 1701 1256 finibus
1720 1206 2084 1266 imminentem,
2117 1206 2251 1255 Biar-
2324 1218 2331 1275 Γᾗ

1103 1300 1219 1348 dum
1247 1299 1332 1347 fibi
1358 1298 1619 1348 adsciverat
1635 1299 1871 1349 comitem
1899 1298 2247 1366 expeditionis,

1104 1392 1153 1439 ὅτ
1172 1389 1408 1440 sacrorum
1428 1390 1721 1439 ministrum.
1798 1392 1892 1439 Per
1917 1408 2022 1440 eam
2045 1391 2251 1439 occafio-
2378 1404 2380 1406 ’

1104 1499 1211 1530 nem
1233 1481 1422 1541 nescias,
1443 1495 1610 1531 utrum
1633 1481 1838 1548 spectata
1859 1482 2012 1549 magis
2034 1482 2090 1530 fit
2114 1482 2250 1548 apos·
2381 1547 2384 1553 ‚

1102 1573 1233 1622 tolici
1270 1573 1363 1622 viri
1388 1574 1608 1634 charitas,
1637 1592 1697 1622 an
1733 1573 1984 1640 patientia.
2062 1574 2251 1641 Magna

1100 1677 1198 1713 erat
1216 1665 1263 1713 in
1281 1665 1438 1714 castris
1455 1665 1624 1732 inopia
1638 1678 2025 1715 commeatuum.
2082 1666 2251 1715 Diaria

1101 1755 1340 1805 militibus
1382 1757 1723 1822 praebebantur
1764 1758 1886 1807 adeo
1915 1757 2142 1824 maligne,
2189 1769 2247 1806 ut

1101 1940 1151 1988 δι
1191 1939 1470 1989 demensum
1520 1941 1679 2002 suum,
1723 1960 1775 1991 ac
1819 1942 1978 2009 fiquid
2021 1954 2252 2009 praeterea
2331 1969 2336 2007 g

1100 2032 1367 2095 pecuniolae
1401 2050 1426 2080 a
1450 2032 1718 2083 ditioribus
1744 2033 2103 2083 emendicando
2144 2052 2250 2083 cor·
2330 2023 2340 2066 ἶ

1101 2121 1313 2186 rogaffet,
1337 2123 1462 2172 inter
1476 2124 1805 2191 egentissimos
1826 2126 2044 2178 militum
2072 2126 2250 2191 partie-

1100 2212 1255 2274 batur,
1285 2213 1328 2262 se
1354 2214 1509 2281 ipsum
1537 2215 1766 2266 fraudans
1791 2217 1973 2266 diurno
2001 2217 2150 2278 victu,
2193 2229 2251 2266 ut

1101 2304 1205 2353 aliis
1231 2307 1438 2374 benigne
1455 2310 1644 2358 faceret.
1721 2311 2038 2360 Avenionem
2061 2310 2251 2361 conces-

2332 1793 2337 1809 2
2418 1790 2508 1841 Jice

1101 1847 1326 1895 nonnulli
1353 1846 1477 1896 farne
1503 1848 1735 1914 perirent.
1810 1848 2021 1898 Biardus
2048 1849 2248 1909 cibario,
2327 1837 2338 1909 ζ’

2424 1864 2508 1913 scil¹

2429 1957 2508 2003 Scr

2433 2045 2508 2094 Bia

2336 2221 2366 2278 s·
2431 2241 2508 2297 pat

2431 2325 2502 2373 zel
